@article{knuth84,
  author = {Knuth, Donald E.},
  title = {Literate Programming},
  year = {1984},
  issue_date = {May 1984},
  publisher = {Oxford University Press, Inc.},
  address = {USA},
  volume = {27},
  number = {2},
  issn = {0010-4620},
  url = {https://doi.org/10.1093/comjnl/27.2.97},
  doi = {10.1093/comjnl/27.2.97},
  journal = {Comput. J.},
  month = may,
  pages = {97â€“111},
  numpages = {15}
}

@book{wooldridge2009,
	title = {Introduccion a la Econometria},
	author = {Wooldridge, Jeffrey M.},
	year = {2009},
	month = {08},
	date = {2009-08-31},
	publisher = {Paraninfo},
	note = {Google-Books-ID: 1Wzt3tmFQ00C},
	langid = {es}
}
